2048 2713
1776 186 1799 225 7

338 274 395 309 0³
429 281 646 307 coccx‘cts
680 268 793 315 (Tab.
816 272 844 303 Ι.
872 266 923 314 s.)
960 279 1047 302 cum
1074 265 1323 301 foraminibus
1350 279 1486 302 nervos
1511 269 1802 304 transmittenti-

239 341 307 376 bus
336 346 473 380 careat,
513 350 533 372 a
563 337 699 371 Cuviero
728 336 774 382 (l.
799 334 850 381 c.)
886 336 1077 369 immerito
1114 346 1154 368 os
1189 346 1334 368 sacrum
1361 334 1520 376 dicitur,
1558 348 1577 370 a
1605 336 1800 370 Schneidero

240 407 286 452 (l.
314 405 367 452 c.)
401 405 497 440 bene
529 413 806 450 nuncupatum,
852 402 1130 450 longissimum,
1171 413 1445 447 compressum,
1486 403 1591 437 sulco
1624 404 1799 450 utrinque

239 473 509 522 longitudinali
537 480 747 512 exaratum,
788 470 957 517 margine
988 469 1172 515 superiori
1202 469 1336 514 plant),
1370 469 1548 503 inferiore
1578 471 1801 516 rotundato;

238 541 346 587 apice
361 552 438 574 non
456 538 576 573 ‘solum
594 546 812 572 excavatum
830 537 892 571 sed
910 546 1032 571 totum
1048 549 1088 571 os
1110 549 1242 571 cavum
1264 535 1429 576 videtur,
1456 537 1650 582 specillum
1671 537 1802 571 saltem

240 608 450 642 immissum
476 605 589 652 longe
616 605 655 638 in
684 605 783 638 idem
811 613 992 650 penetrat.
1049 607 1090 638 In
1116 605 1206 650 Pipa
1235 604 1347 638 etiam
1373 603 1520 646 juniore
1549 615 1628 637 ossa
1656 615 1802 639 sacrum

239 681 278 707 et
305 684 532 718 coccygeum
561 678 739 714 connata3
775 672 813 705 in
843 671 996 718 reliquis
1024 671 1239 718 cartilagine
1265 670 1486 716 interposita
1513 670 1675 715 sejuncta
1703 678 1802 705 sunt.
1826 700 1835 703 ,

340 740 504 773 PELVIs
534 737 645 783 (Tab.
663 742 690 773 Ι.
719 746 743 772 t.
762 738 808 783 t.)
837 750 905 784 pro
932 749 1105 772 ranarum
1128 737 1243 771 modo
1272 746 1481 772 constructa
1509 750 1553 772 eo
1581 746 1704 771 tamen
1731 736 1803 772 difa

242 805 333 847 fert,
375 805 476 851 quod
502 805 611 839 ilium
639 815 719 839 ossa
746 818 819 839 non
849 817 1079 850 compressa,
1119 803 1181 838 sed
1210 804 1396 850 depressa,
1438 817 1560 851 neque
1593 805 1694 846 basi,
1734 803 1803 838 ubi

243 884 328 907 cum
347 870 489 910 ossibus
506 872 616 906 ischii
633 880 670 905 et
685 872 795 917 pubis
813 871 1021 912 confluunt,
1047 873 1179 905 latiora
1195 871 1257 905 sed
1276 872 1489 919 angustiora
1506 872 1591 906 sint.
1631 875 1719 906 Non
1736 882 1804 918 po-

243 947 365 985 terant
386 949 474 972 vero
500 950 578 972 non
605 938 773 983 depressa
797 951 893 981 esse,
939 950 1024 972 cum
1056 950 1095 971 os
1121 950 1266 972 sacrum
1299 939 1431 972 iisdem
1463 951 1635 985 magnam
1659 947 1804 984 partem

243 1004 461 1045 incumbat,
489 1004 590 1050 quod
614 1005 653 1038 in
672 1005 818 1039 Bufone
841 1014 878 1039 et
902 1008 1003 1039 Rana
1029 1005 1180 1039 arborea
1204 1006 1413 1046 tantillum,
1448 1006 1487 1039 in
1510 1005 1642 1039 ceteris
1666 1014 1803 1047 autem,

243 1071 380 1117 quibus
414 1082 494 1105 ossa
526 1071 636 1105 ilium
677 1071 723 1106 ad
762 1073 857 1106 sacri
898 1080 1045 1106 tantum
1084 1072 1198 1106 latera
1232 1073 1414 1107 accedunt
1430 1099 1439 1113 ‚
1486 1073 1707 1119 neutiquam
1748 1071 1804 1105 lo-

247 1149 332 1171 cum
358 1137 483 1171 habet.

257 1199 262 1201 ’
344 1207 386 1238 In
410 1205 521 1249 Pipae
547 1203 703 1247 junioris
733 1205 834 1250 pelvi
869 1218 934 1240 sex
963 1206 1094 1252 utique
1126 1217 1222 1247 ossa,
1265 1218 1341 1240 non
1377 1206 1503 1240 omnia
1534 1215 1659 1240 tamen
1689 1217 1805 1252 aeque

247 1269 420 1306 distincta
441 1269 695 1315 reperiuntur)
740 1275 884 1305 IL1UM
913 1284 1015 1306 OSSA
1049 1272 1095 1305 ad
1122 1272 1285 1306 mediam
1308 1273 1488 1306 acetabuli
1510 1281 1654 1317 partem
1675 1284 1806 1318 proce-

247 1335 341 1370 dunt
363 1335 506 1370 ibidem
531 1349 616 1370 cum
638 1337 747 1382 pubis
769 1337 912 1371 ossibus
936 1338 1218 1378 convenientia,
1246 1347 1322 1372 tam
1347 1341 1391 1372 ab
1416 1339 1493 1380 his,
1522 1351 1633 1385 quam
1656 1340 1754 1373 inter
1767 1350 1806 1373 se

247 1410 395 1436 suturae
417 1413 487 1447 ope
508 1402 635 1436 divisa.
692 1404 828 1437 Ultima
846 1404 961 1449 pelvis
988 1402 1046 1448 (et
1063 1404 1254 1450 corporis)
1275 1417 1357 1450 pars
1377 1417 1422 1438 ex
1450 1418 1635 1440 oss113us
1662 1415 1806 1440 1s01-111

248 1468 449 1508 formatur,
476 1480 570 1513 quae
593 1477 698 1514 parte
720 1470 838 1503 antica
864 1479 900 1503 et
923 1471 1116 1515 superiore
1145 1484 1232 1505 cum
1255 1471 1398 1505 ossibus
1421 1472 1529 1505 ilium
1553 1473 1806 1517 conveniunt3

245 1534 286 1569 in
301 1534 490 1582 inferiore
510 1544 634 1569 autem
657 1536 775 1581 pelvis
795 1537 910 1570 latere
931 1538 1055 1571 media
1078 1538 1178 1572 inter
1201 1550 1280 1573 ossa
1303 1538 1415 1572 ilium
1437 1547 1474 1572 et
1495 1539 1605 1573 ischii
1623 1551 1707 1585 pars
1730 1538 1806 1580 exi-

248 1601 331 1648 guis
357 1601 583 1647 relinquitur
611 1614 792 1636 ossuzus
819 1615 961 1637 PUBIS.

349 1670 579 1702 STERNUM
607 1667 720 1712 (Tab.
747 1672 791 1702 11.
815 1669 1045 1716 Fig.a—e)
1073 1671 1301 1711 maximum,
1328 1669 1375 1705 ad
1400 1671 1631 1707 testudinum
1658 1678 1806 1706 scutum

249 1734 410 1769 sternale
437 1733 514 1768 fere
540 1735 718 1769 accedens
746 1736 912 1781 quinque
941 1738 1183 1771 constituitur
1205 1737 1393 1783 partibus,
1419 1738 1458 1771 in
1485 1750 1586 1772 mare
1610 1738 1739 1778 osseis,
1766 1738 1806 1772 in

251 1800 389 1834 femina
406 1801 494 1834 licet
511 1801 635 1835 adulta
652 1810 687 1835 er
703 1814 812 1847 quam
829 1803 892 1835 ille
912 1803 1069 1846 majore,
1097 1805 1222 1849 prouti
1245 1805 1285 1837 in
1308 1804 1475 1847 juniore,
1502 1806 1703 1850 plurimam
1725 1816 1809 1851 par·

250 1874 325 1901 tem
352 1867 605 1914 cartilagineis.
658 1868 775 1902 issaris
799 1869 962 1902 sceleton
986 1881 1005 1902 a
1031 1871 1097 1904 cel.
1121 1869 1317 1903 Schneider-0
1343 1870 1390 1905 (l.
1414 1883 1445 1905 c.
1465 1871 1556 1905 Tab.
1582 1875 1624 1905 ΙΙ.
1648 1873 1724 1919 Fig.
1750 1869 1806 1915 5.)

252 1933 468 1968 confectum
496 1933 643 1967 easdem
666 1943 765 1967 certe
788 1945 907 1979 partes
932 1948 1036 1969 mere
1059 1937 1314 1984 cartilagineas
1338 1937 1489 1978 habuit,
1517 1949 1602 1971 cum
1628 1938 1665 1972 in
1687 1937 1807 1985 figura

251 2000 399 2045 penitus
421 1999 608 2040 omiserit,
634 2013 704 2034 nec
714 2001 792 2034 nisi
806 2001 920 2035 sterni
935 2003 1212 2047 portiunculam
1230 2004 1390 2037 anticam
1407 2012 1444 2037 et
1460 2005 1643 2037 tantillam
1662 2013 1808 2050 partem

253 2066 351 2100 inter
379 2065 572 2099 claviculas
600 2067 708 2100 sitam
737 2068 846 2102 icone
874 2070 1116 2114 expresserit,
1145 2068 1261 2115 quid?
1297 2070 1399 2116 quod
1425 2070 1621 2117 laryngem
1649 2082 1807 2113 osseum,

253 2144 339 2166 cum
366 2141 531 2166 sternum
555 2133 589 2166 ei
614 2132 774 2168 deficere
794 2136 1003 2175 videretur,
1030 2148 1098 2181 pro
1123 2137 1237 2170 sterni
1261 2146 1366 2182 parte
1389 2137 1580 2178 habuerit,
1607 2150 1678 2184 qua
1701 2137 1747 2172 de
1768 2149 1808 2172 re

253 2197 347 2232 infra
362 2210 483 2232 sermo
499 2199 578 2232 erit.
635 2199 764 2233 Cuvt‘eri
776 2202 939 2236 sceleton
960 2203 1090 2236 eadem
1108 2211 1211 2248 parte
1226 2203 1386 2237 caruisse
1402 2204 1570 2244 videtur,
1598 2205 1701 2247 cujus
1720 2205 1808 2238 licet

255 2263 417 2297 maxime
438 2265 632 2307 notabilis,
658 2268 799 2302 nullam
821 2270 1053 2303 mentionem
1076 2268 1174 2303 fecit.
1229 2270 1403 2316 Quinque
1420 2270 1567 2303 illarum
1592 2271 1704 2304 sterni
1725 2283 1807 2316 par-

254 2329 350 2364 tium
366 2330 472 2365 nobis
489 2343 597 2378 supra
614 2333 797 2369 dictarum
820 2348 1021 2370 ANTICAE
1045 2345 1081 2371 et
1103 2337 1256 2383 exiguae
1282 2336 1393 2381 (Tab.
1410 2340 1453 2371 II.
1470 2338 1545 2384 Fig.
1565 2350 1593 2371 1.
1609 2337 1696 2379 aci.)
1723 2346 1808 2371 ante
