2048 2713
274 153 295 176 2
300 152 325 176 Ο

274 231 478 274 Generibus
502 231 628 278 itaque
648 230 720 282 illis
742 232 862 267 tribus
885 234 1185 270 Schneiderianis
1216 237 1406 281 stabilitis,
1442 240 1591 276 cuinam
1619 226 1829 276 'eorundem

274 298 363 343 Pipa
379 297 614 332 adnumerari
632 299 779 340 debeat,
806 300 993 349 incertum
1008 312 1134 336 manet
1145 330 1154 345 ‚
1181 304 1357 352 idemque
1374 307 1420 340 ad
1436 308 1560 352 plures
1580 303 1678 342 certe
1693 309 1833 353 species

277 364 441 411 quadrat.
494 361 619 413 Ranae
635 366 844 410 paradoxae
861 365 1089 403 sceletonad
1104 371 1328 405 esculentam
1350 381 1386 406 et
1401 375 1666 419 temporariam
1682 375 1835 421 quidem

274 431 481 476 plurimum
496 443 573 464 non
592 440 715 465 tamen
731 433 881 482 penitus
898 435 1060 477 accedit,
1089 445 1126 469 et
1149 437 1180 470 si
1202 437 1366 473 Rusones
1392 448 1428 472 et
1452 443 1572 474 Ranas
1597 441 1834 489 conjungere,

276 497 470 532 Cal-amitas
496 506 620 531 autem
644 498 871 546 distinguere
894 501 1024 541 velles,
1060 502 1252 537 character
1271 506 1465 550 genericus
1491 507 1643 541 nonnisi
1666 490 1833 552 apicibus

277 564 486 610 digitorum
498 563 715 598 orbiculatis
732 566 810 610 peti
833 575 973 610 posset,
1002 570 1221 614 ceteroquin
1244 570 1345 603 enim
1368 557 1641 608 intel-Bufones
1664 582 1701 607 et
1715 577 1834 609 Ranas

275 629 391 664 medii
413 638 507 664 sunt.
561 620 702 664 Genera
725 631 851 677 itaque
877 633 1012 667 haecce
1037 635 1148 668 nimis
1176 634 1383 670 artificialia
1410 636 1604 677 videntur,
1637 639 1838 673 utiterum

277 697 516 737 contrahere,
544 696 608 730 sed
623 697 662 743 in
681 697 805 742 plures
822 698 939 732 tribus
964 700 1169 750 disp‘escere
1193 703 1355 736 mallem.
1409 703 1538 749 Pipam
1564 712 1690 737 autem
1713 704 1761 738 ob
1785 705 1836 738 la-

275 775 435 810 ryngem
451 775 598 796 osseum
613 763 746 797 aliasve
760 773 865 798 notas
881 765 1044 800 internas
1060 769 1215 813 proprio
1233 781 1450 803 enumerare
1477 782 1611 817 genere
1634 765 1690 804 nil
1710 769 1835 817 juvat3

277 830 505 865 characteres
523 830 624 862 enim
641 830 830 871 Historiae
844 832 1003 865 naturali
1018 845 1104 867 vere
1120 834 1283 879 proficui
1299 836 1466 870 nonnissi
1483 849 1527 870 ex
1550 838 1649 871 notis
1673 838 1835 871 externis

276 897 355 943 peti
377 904 549 942 possunt,
583 905 626 930 ut
649 905 822 931 anatome
842 901 1006 933 Naturae
1026 909 1273 935 scrutatorem
1296 901 1449 947 quidem
1471 911 1654 936 attentum
1679 903 1835 938 reddere

276 975 352 997 non
373 971 496 996 autem
513 962 585 996 sibi
603 963 784 1007 subjicere
803 964 955 1010 debeat;
983 966 1054 1000 hac
1070 967 1170 1000 enim
1193 968 1275 1014 lege
1291 979 1368 1002 non
1395 968 1587 1003 observata
1609 978 1667 1003 tot
1681 969 1835 1006 tandem

276 1041 412 1077 genera
429 1038 521 1076 quot
538 1042 638 1064 nunc
653 1031 791 1076 species
809 1031 1050 1074 haberemus,
1079 1045 1283 1080 eorumque
1300 1047 1458 1069 numero
1476 1036 1731 1072 obrueremur.

379 1109 410 1130 ε.
438 1097 654 1131 Transitum
682 1098 721 1131 in
744 1099 948 1132 testudines
972 1100 1062 1145 Pipa
1087 1101 1243 1134 omnino
1266 1102 1380 1145 Ranis
1406 1101 1615 1136 faciliorem
1637 1103 1833 1137 conciliat:

277 1175 354 1197 non
371 1164 492 1197 solum
510 1164 611 1197 enim
631 1165 831 1209 pulmones
851 1164 1056 1207 firmiores,
1084 1168 1185 1201 intus
1207 1168 1325 1213 magis
1348 1180 1459 1213 quam
1482 1169 1522 1202 in
1543 1170 1696 1215 reliquis
1720 1170 1832 1211 ranis,

278 1215 511 1275 complicati,
539 1230 604 1264 sed
638 1231 750 1264 etiam
786 1240 953 1265 sternum
986 1234 1194 1267 maximum
1227 1233 1303 1266 fere
1340 1234 1537 1268 testudinis
1567 1244 1715 1269 scutum
1743 1244 1833 1269 ster-

276 1297 359 1330 nale
375 1296 543 1336 imitans,
570 1296 686 1341 hepar
700 1297 906 1330 maximum
930 1298 973 1332 ab
990 1307 1150 1344 utroque
1162 1299 1360 1332 ventriculi
1382 1300 1497 1334 latere
1522 1313 1737 1342 occurrens,
1765 1312 1834 1335 nec

277 1375 355 1396 non
377 1363 496 1396 vesica
520 1362 681 1395 urinaria
706 1363 864 1408 simplex
887 1362 1101 1399 affinitatem
1122 1366 1286 1413 illiscum
1307 1365 1487 1408 majorem
1510 1375 1678 1411 arguunt.
1732 1370 1835 1401 Vena

278 1441 365 1463 cava
381 1429 568 1474 posterior
586 1428 724 1473 duplex
741 1429 785 1462 ad
805 1430 873 1462 alia
891 1442 1040 1477 quoque
1059 1432 1248 1476 amphibia
1266 1432 1464 1465 transitum
1478 1432 1644 1479 largitur.

378 1506 409 1536 5.
439 1482 872 1540 Quemadmodum‘vero
888 1497 1091 1542 Amphibia
1108 1510 1187 1531 osse
1204 1498 1419 1542 tympanico
1440 1498 1529 1542 (l‘os
1550 1507 1833 1544 tympano-sty-

276 1561 379 1595 loide
399 1559 591 1604 Geoffivy),
611 1560 768 1602 furcula,
798 1563 1028 1608 epiglottidis
1046 1563 1211 1605 defectu,
1240 1565 1395 1610 aliisque
1414 1565 1578 1598 numeris
1594 1564 1688 1598 bene
1706 1566 1833 1605 multis

280 1627 326 1661 ad
343 1639 424 1660 aves
445 1626 641 1667 accedunt,
669 1627 720 1660 ita
736 1628 847 1673 Pipae
866 1629 1145 1676 mai-islarynge
1164 1641 1268 1663 osseo
1291 1641 1407 1663 novus
1426 1629 1470 1662 ad
1487 1630 1566 1663 illas
1583 1631 1755 1665 transitus
1773 1632 1834 1666 da-

278 1702 357 1734 tur,
386 1705 542 1740 quarum
556 1693 687 1736 larynx
702 1693 856 1727 inferior
872 1706 978 1739 saepe
994 1696 1076 1740 plus
1092 1695 1215 1728 minus
1233 1707 1354 1728 osseus
1373 1704 1436 1729 est.

381 1768 414 1800 4.
450 1762 660 1805 Laryngem
677 1760 788 1804 Pipae
802 1760 962 1794 feminae
978 1761 1131 1794 laminas
1150 1760 1238 1794 duas
1256 1773 1374 1795 osseas
1393 1762 1584 1796 continere
1599 1763 1750 1797 unicum
1766 1765 1835 1799 hu-

279 1825 337 1869 ]‘us
351 1826 406 1859 rei
425 1826 639 1870 exemplum
655 1826 832 1860 hactenus
850 1825 1027 1867 habetur,
1060 1838 1147 1860 nam
1169 1827 1207 1860 in
1233 1826 1359 1860 avibus
1384 1826 1554 1861 femineis
1579 1828 1761 1871 ejusmodi
1779 1831 1834 1864 ni·

281 1876 336 1925 hii
359 1890 513 1924 obtinet.
576 1891 815 1938 Cartilagines
839 1901 1028 1936 praeterea
1044 1892 1229 1936 hyoideae
1259 1892 1429 1926 insolitae
1453 1894 1736 1940 magnitudinis,
1770 1896 1833 1931 he·

281 1965 365 2002 pata
390 1957 599 2002 complura,
624 1969 706 1995 rossa
731 1958 909 1999 olecrani‚
939 1967 976 1992 et
995 1959 1137 2006 reliqua
1161 1970 1268 2005 supra
1293 1967 1475 2002 enarrata,
1510 1969 1704 1998 anatomen
1723 1958 1833 2008 hujus

282 2022 495 2058 animalculi
512 2023 674 2059 maxime
691 2024 976 2061 memorabilem
989 2025 1161 2062 reddunt.
