2048 2713
1797 174 1822 215 5

259 264 501 300 Germanicae
524 259 696 308 plurimis
722 260 816 294 locis
846 257 1168 293 observationibus
1185 259 1344 307 egregiis
1367 268 1516 295 ornatae
1544 258 1822 308 (Vorlesungen

259 331 356 366 iiber
386 327 677 376 vergleichen‘de
703 316 905 361 Anatomie
937 338 1013 360 von
1043 325 1083 360 G.
1113 325 1247 367 Cavier,
1285 327 1408 362 fibers.
1444 338 1520 361 von
1545 325 1585 361 L.
1614 326 1660 361 H.
1685 325 1822 372 Froriep

259 397 339 432 und
364 397 400 431 J.
426 395 465 430 F.
491 394 622 428 Meckel.
663 396 815 428 1—1V.
837 393 907 427 Th.
942 392 1072 437 Leipz.
1105 398 1263 435 1809—-
1281 395 1412 437 1810.)
1441 393 1487 427 de
1503 393 1593 439 Pipa
1613 393 1710 429 nihil
1735 404 1822 440 pro-

258 463 333 510 prii
359 462 590 507 adjecerunt,
623 461 687 498 sed
714 458 951 500 Schneideri,
979 458 1051 492 viri
1079 459 1145 492 cel.
1172 459 1326 494 inventa
1350 459 1530 495 referunt.

359 529 405 577 g)
437 531 472 564 J.
499 527 554 562 Fr.
580 525 823 566 Blumenbaclz,
865 525 1088 560 Anatorniae
1116 535 1354 571 comparatae
1379 526 1418 560 in
1445 527 1641 560 Germania
1667 537 1821 572 promo-

259 607 320 632 tor
346 607 532 636 summus,
567 595 608 628 in
642 592 885 638 compendio:
927 591 1144 627 Handbuch
1181 593 1246 627 der
1273 592 1584 641 vergleichenden
1609 594 1820 629 Anatomie.

258 665 360 699 Gott.
402 671 508 703 1805.
548 670 581 701 3.
639 659 861 694 Schneideri
895 659 1034 703 pariter
1068 659 1346 694 observationes
1372 659 1496 694 refert.
1553 659 1741 694 Foetubus
1768 669 1821 696 ta·

257 742 345 765 men
375 729 486 763 dorso
514 726 755 761 excludendis
784 725 938 759 caudam
966 737 1044 759 esse
1073 726 1161 759 olim
1190 726 1367 772 probavit
1394 734 1431 759 et
1464 725 1575 759 icone
1603 727 1750 773 egregia
1776 727 1820 761 il-

256 795 447 837 lustravit,
491 794 588 829 conf.
617 793 722 837 Ejus:
766 792 1116 828 Naturhistorische
1142 792 1428 841 Abbssdungen,
1463 800 1542 836 4tes
1568 792 1672 829 Heft.
1718 795 1817 829 Go'tt.

261 874 367 907 1799.
402 871 435 904 8.
477 861 568 896 Tab.
598 863 656 903 56.

974 950 1006 998 §.
1061 964 1093 986 2.

768 1030 1303 1077 SCELETON.

355 1131 529 1166 Sceleton
556 1131 682 1163 Ranae
707 1129 821 1174 Pipae
855 1129 972 1162 multa
1007 1128 1177 1163 continet
1209 1129 1306 1162 scitu
1339 1127 1574 1174 dignissima,
1614 1139 1736 1174 neque
1769 1127 1815 1162 ab

256 1197 472 1233 auctoribus
499 1196 585 1229 satis
613 1196 797 1240 exposita,
833 1195 897 1241 qui
923 1203 966 1229 ut
992 1195 1032 1228 in
1059 1194 1291 1241 paragrapho
1317 1194 1562 1239 praecedente
1588 1195 1816 1237 monuimus,

255 1264 458 1311 specimina
485 1273 616 1296 manca
642 1262 835 1295 multilave
860 1273 950 1306 prae
977 1261 1094 1294 oculis
1120 1259 1293 1294 habuisse
1320 1260 1502 1294 videntur.
1556 1264 1716 1295 Nosmet
1738 1273 1825 1296 sce-²

253 1332 330 1366 leto
358 1329 470 1375 Pipae
496 1337 573 1361 tam
599 1329 802 1369 masculae,
831 1340 942 1375 quam
970 1327 1170 1368 femineae,
1198 1327 1394 1373 utriusque
1408 1327 1573 1368 adultae,
1601 1340 1724 1374 neque
1736 1340 1814 1362 non

252 1396 365 1440 hujus
390 1394 546 1439 junioris
574 1395 765 1440 duploque
790 1395 949 1428 minoris
971 1394 1028 1428 usi
1050 1406 1196 1434 sumus,
1224 1394 1368 1427 sceletis
1387 1397 1574 1428 Ranarum
1593 1395 1813 1436 esculentae,

253 1462 518 1508 temporariae,
544 1460 772 1506 paradoxae,
800 1461 976 1495 arboreae
1004 1469 1040 1494 et
1066 1460 1222 1494 Bufonis
1249 1460 1378 1494 viridis
1394 1459 1541 1495 Schneid.
1570 1461 1754 1505 (feminae
1775 1469 1814 1495 et

253 1529 399 1565 adultae
427 1537 464 1561 et
489 1527 668 1572 junioris)
697 1528 850 1562 insimul
876 1528 1006 1562 sedulo
1035 1528 1255 1572 comparatis
1281 1526 1335 1572 ⁵⁴¹).

353 1598 541 1629 CAP1‘rls
569 1606 681 1639 quam
706 1595 746 1627 in
772 1595 927 1640 reliquis
954 1606 1128 1627 ranarum
1155 1593 1348 1639 speciebus
1376 1594 1496 1627 multo
1524 1595 1641 1640 magis
1676 1603 1712 1628 et
1744 1594 1811 1628 lati

251 1661 540 1706 et·complanati
568 1659 780 1706 formaque,
815 1672 925 1706 quam
952 1660 1042 1694 Tab.
1070 1664 1097 1694 Ι.
1127 1661 1297 1701 exhibet,
1338 1661 1520 1705 peculiari
1546 1661 1702 1707 insignis
1730 1671 1810 1694 ossa

252 1728 396 1775 singula
425 1739 500 1773 quo
526 1727 651 1760 minus
679 1739 955 1765 enumeremus,
990 1728 1096 1771 copia
1125 1727 1341 1760 craniorum
1368 1728 1406 1760 in
1433 1730 1569 1768 illuseo
1598 1727 1808 1761 anatomico

251 1803 482 1829 servatorum
509 1793 681 1827 nondum
707 1791 911 1826 sufficiente
939 1793 1178 1838 impedimur.
1232 1793 1524 1839 Amphibiorum
1552 1794 1652 1827 enim
1679 1794 1808 1840 capitis

252 1871 332 1895 ossa
365 1860 411 1894 ab
446 1860 677 1899 auctoribus,
718 1871 766 1892 ne
799 1861 1061 1892 recentissimis
1091 1860 1243 1906 quidem
1272 1861 1454 1905 exceptis,
1495 1861 1550 1894 uti
1579 1861 1807 1901 debuissent,

250 1937 486 1973 nequaquam
509 1911 692 1969 descripta
715 1934 819 1964 sunt,
849 1938 971 1970 neque
996 1926 1066 1957 nisi
1091 1927 1262 1969 plurimis
1289 1927 1458 1960 omnium
1478 1928 1654 1961 ordinum
1673 1927 1806 1961 cremiis

254 1993 418 2028 collectis
443 2000 479 2025 et
502 1992 628 2025 aetatis
654 1991 819 2025 diversae
839 1992 986 2024 ratione
1007 1992 1119 2024 simul
1147 1991 1293 2032 habita,
1332 1993 1424 2026 bene
1456 1993 1615 2026 describi
1639 2002 1804 2039 possunt.

250 2061 425 2096 Museum
446 2066 568 2091 autem
592 2059 843 2091 anatomicum
864 2058 996 2091 iisdem
1023 2058 1059 2090 in
1076 2057 1163 2102 ,dies
1187 2067 1359 2104 augetur,
1387 2068 1428 2092 ut
1451 2059 1497 2092 de
1525 2060 1806 2105 amphibiorum

253 2126 381 2161 cranio
399 2133 546 2159 nosmet
566 2125 745 2169 peculiari
763 2125 889 2158 libello
909 2124 1011 2157 brevi
1027 2136 1134 2170 agere
1148 2136 1256 2170 posse
1278 2126 1431 2159 omnino
1449 2127 1672 2171 sperandum
1688 2127 1746 2161 sit.

1453 2218 1503 2225 -

353 2269 391 2307 “)
422 2270 549 2300 Omnes
579 2271 689 2310 itaque
719 2273 841 2310 species
874 2272 973 2300 dictas
1003 2272 1183 2307 volumus,
1220 2272 1248 2301 si
1278 2272 1396 2312 Pipam
1418 2283 1434 2303 a
1464 2275 1599 2314 reliquis
1621 2275 1804 2314 generatim

252 2328 373 2360 sumtis
396 2329 644 2369 distinguimus.
691 2329 807 2371 Quarti
827 2329 928 2370 Pipae
949 2331 1140 2369 speciminis
1163 2330 1249 2361 infra
1270 2332 1399 2362 mentio
1422 2331 1485 2362 fiet.
