2048 2713
261 159 291 207 4

264 261 347 292 tum
374 251 488 295 sistit,
530 264 605 299 quo
631 251 808 299 probaret
832 251 933 287 inter
957 251 1068 296 hujus
1096 252 1246 287 cellulas
1274 266 1343 289 ova
1369 255 1592 302 recipientes
1620 265 1656 292 et
1680 258 1824 306 genita·

261 320 314 354 lia
336 320 482 354 interna
515 319 661 353 nullum
689 332 766 355 esse
794 319 1084 361 commercium,
1125 333 1247 367 neque
1272 322 1381 367 plura
1408 323 1521 357 addit.

363 386 410 432 b)
445 384 607 419 Lemnius
634 386 749 432 (Eph.
778 391 864 422 Nat.
893 391 978 421 Cur.
1008 390 1110 421 Cent.
1137 390 1196 423 IV.
1233 388 1310 423 obs.
1332 397 1412 430 172.
1447 402 1564 431 recus.
1591 391 1631 424 in
1667 390 1828 425 Valentini

263 454 565 499 Amphitheatro.
607 454 630 488 1.
660 465 689 487 c.
731 465 767 499 p.
796 452 904 498 208.)
948 453 995 488 de
1021 454 1134 499 Pipae
1159 463 1267 500 partu
1294 456 1470 503 quasdam
1497 457 1611 491 habet
1638 459 1825 503 conjectu-

263 533 339 562 ras,
375 532 497 567 neque
522 520 603 565 ipse
630 519 768 553 animal
794 520 922 554 secuit.

364 587 406 631 ς)
443 586 565 620 Petrus
600 585 753 631 Campa,
794 586 852 621 vir
891 595 1018 621 nostra
1049 587 1159 621 laude
1191 587 1312 632 major
1351 587 1473 633 (conf.
1507 589 1612 634 Ejus:
1651 591 1827 626 Kleinere

263 653 464 689 Schriften.
505 657 548 688 A.
565 653 599 687 d.
615 654 718 688 Hol'l.
737 665 812 687 von
827 653 859 686 S.
875 653 911 687 E
930 653 975 686 M.
995 652 1138 686 Herbell.
1172 657 1199 688 Ι.
1214 658 1255 689 Β.
1291 655 1392 701 Lips.
1415 666 1519 703 1732.
1553 667 1586 697 3.
1627 669 1662 702 p,
1690 661 1758 692 126
1776 676 1827 684 ...-

267 731 348 763 157.
382 720 472 755 Tab.
489 723 551 755 ΙΙΙ.
585 720 661 767 Fig.
684 733 712 754 1.
729 719 786 765 a.)
822 721 952 765 Pipam
979 720 1159 759 feminam
1188 722 1309 756 cultro
1338 723 1515 768 subjecit,
1543 732 1579 758 at
1605 735 1722 770 pauca
1750 734 1828 760 tan-

263 795 346 822 tum
373 787 420 822 de
446 786 651 821 visceribus
680 787 813 828 habet,
842 799 963 833 neque
991 787 1076 820 satis
1105 789 1284 833 exposita.

365 854 411 897 d)
442 853 614 898 Philippus
647 852 796 894 Fermin,
837 854 902 900 qui
934 854 1122 888 Surinami
1157 846 1294 901 degens
1335 868 1466 890 verum
1499 856 1610 901 hujus
1643 858 1826 893 bestiolae

262 921 544 973 propagationis
571 921 728 955 modum
754 921 898 966 primus
925 920 1073 961 docuit,
1113 922 1324 967 multasque
1353 922 1632 958 observationes
1660 925 1826 971 egregias

263 989 311 1024 de
339 988 503 1033 ejusdem
528 988 682 1022 vivendi
707 987 854 1021 ratione
874 986 1026 1031 adjecit,
1055 988 1281 1021 anatomiam
1299 988 1421 1022 obiter
1436 997 1582 1023 >tantum
1604 990 1709 1032 fecit,
1737 999 1827 1024 ster-

262 1068 357 1091 num
383 1063 509 1088 tamen
536 1055 808 1100 amplissimum
829 1054 955 1095 novit,
981 1054 1135 1100 reliquis
1153 1055 1434 1099 praetervisum.
1487 1056 1655 1090 Primum
1671 1057 1711 1090 in
1728 1056 1826 1091 libro

264 1123 312 1157 de
338 1121 481 1156 morbis
508 1121 831 1156 Surinamensium
862 1124 956 1162 1764Γ
982 1121 1037 1154 rei
1064 1121 1297 1154 mentionem
1326 1121 1433 1162 fecit,
1462 1122 1635 1168 deinceps
1662 1124 1721 1158 in:
1752 1127 1826 1158 De-

262 1177 529 1234 veloppement
554 1187 689 1233 parfait
716 1188 766 1221 du
793 1187 955 1231 mystere
983 1187 1029 1221 de
1054 1187 1088 1220 la
1115 1186 1331 1233 ge'ne'ration
1360 1187 1410 1222 du
1437 1187 1586 1222 fameux
1603 1190 1764 1236 crapaud
1780 1191 1827 1225 de

263 1255 454 1294 Sui-inam,
488 1252 641 1287 nomme
662 1255 762 1299 Pipa.
808 1252 826 1287 a
849 1253 1051 1288 Mastricht
1075 1256 1180 1294 1765.
1214 1254 1370 1287 ulterius
1398 1256 1581 1300 exposuit.
1637 1258 1825 1292 Novimus

258 1322 355 1357 haec
383 1333 429 1354 ex
455 1321 626 1354 versione
653 1320 885 1367 germanica:
926 1317 988 1351 Plz.
1015 1317 1174 1352 Fermin’s
1199 1319 1501 1366 Abhandlungen
1532 1334 1605 1354 von
1633 1322 1699 1356 der
1725 1324 1825 1356 Suri·

261 1388 481 1423 namischen
507 1390 624 1421 Kr6te
652 1386 744 1421 oder
769 1387 878 1432 Pipa,
905 1385 984 1418 und
1001 1384 1087 1418 dem
1103 1385 1220 1432 vollig
1235 1385 1456 1418 entdeckten
1475 1387 1705 1422 Geheimniss
1720 1389 1825 1423 ihrer

260 1459 503 1502 Erzeugung,
536 1466 566 1488 a.
596 1454 630 1488 d.
657 1457 784 1488 Franz.
818 1451 896 1486 und
922 1452 993 1485 mit
1020 1451 1086 1485 der
1111 1451 1393 1498 Beschreibung
1421 1452 1519 1487 eines
1547 1454 1632 1488 sehr
1657 1455 1824 1489 schonen

260 1522 494 1566 Exemplars,
536 1521 610 1555 wie
644 1521 739 1554 auch
773 1520 877 1554 einer
909 1519 1054 1552 kurzen
1083 1519 1306 1553 Geschichte
1335 1519 1399 1552 der
1425 1519 1515 1564 Pipa
1542 1520 1721 1568 begleitet
1748 1534 1823 1557 von

259 1588 295 1622 J.
322 1588 361 1621 A.
389 1586 429 1619 E.
460 1587 576 1621 Goeze.
612 1587 850 1622 Braunschw.
885 1589 988 1626 1776.
1018 1595 1050 1626 ε..
1088 1597 1132 1627 75
1148 1597 1182 1630 p.
1212 1585 1311 1618 tabb.
1339 1597 1417 1619 aen.
1446 1595 1480 1627 4.

364 1654 404 1698 e)
437 1654 495 1688 Jo.
525 1653 628 1686 Gottl.
656 1653 844 1694 Schneider,
875 1652 1129 1685 Universitatis
1144 1651 1237 1685 olim
1254 1651 1589 1693 Francof1.11-tensis‚
1616 1666 1717 1688 nunc
1733 1658 1822 1690 Vra-

261 1720 484 1755 tislaviensis
513 1723 655 1761 Decus,
688 1721 727 1754 in
754 1719 946 1754 Historiae
971 1717 1267 1764 Amphibiorum
1307 1721 1404 1751 Fasc.
1437 1732 1465 1752 1.
1508 1721 1622 1756 Jenae
1647 1732 1750 1764 1799.
1788 1732 1820 1764 3.

261 1799 297 1834 Ρ.
332 1801 395 1821 121
413 1806 463 1813 —-
481 1799 560 1830 125.
595 1800 664 1822 nec
690 1798 769 1820 non
795 1798 831 1831 p.
860 1788 1092 1827 257—264.
1133 1784 1222 1818 Tab.
1244 1786 1271 1816 Ι.
1296 1792 1331 1816 et
1354 1787 1399 1817 II.
1460 1786 1589 1830 Pipam
1615 1790 1822 1825 masculam

264 1854 460 1896 dissecuit,
494 1854 559 1888 sed
585 1854 708 1887 minus
735 1852 830 1887 bene
856 1861 1057 1889 servatam,
1091 1858 1133 1881 ut
1159 1849 1287 1882 sceleti
1316 1849 1478 1895 quidem·
1496 1852 1673 1895 plurimas
1699 1865 1822 1899 partes

264 1920 412 1966 egregie
439 1920 698 1960 illustraverit,
741 1919 828 1953 alias
855 1927 979 1950 tamen
1005 1926 1073 1948 suo
1108 1914 1149 1948 in
1175 1915 1380 1960 specimine
1407 1916 1626 1962 dignoscere
1653 1932 1728 1955 non
1754 1935 1821 1968 po.

263 1987 395 2026 tuerit,
423 1995 460 2019 et
485 1987 676 2032 laiyngem
703 1983 814 2016 maris
842 1993 989 2016 osseum
1015 1993 1084 2027 pro
1111 1982 1226 2016 sterni
1254 1981 1459 2027 appendice
1484 1983 1668 2024 habuerit.

363 2050 399 2096 f)
439 2050 478 2084 G.
510 2050 624 2083 Czwt'er
644 2049 818 2094 (Lecgons
845 2049 1079 2083 d‘Anatomie
1106 2047 1320 2094 comparee,
1347 2049 1457 2083 Paris.
1489 2053 1530 2084 T.
1550 2064 1580 2085 1.
1599 2065 1631 2086 ε.
1660 2065 1706 2088 an
1724 2057 1817 2099 V111.

263 2121 305 2153 T.
337 2128 468 2160 5—5.
497 2129 541 2150 an
556 2115 675 2160 XIV.)
704 2116 764 2150 cui
792 2124 963 2149 anatome
990 2123 1201 2161 comparata
1228 2115 1424 2150 innumera
1451 2116 1580 2160 debet,
1607 2120 1718 2165 Pipae
1744 2133 1818 2156 sce.

263 2185 368 2218 leton
395 2184 519 2217 minus
544 2183 754 2229 perfectum
779 2194 869 2227 prae
896 2183 1013 2217 oculis
1039 2181 1212 2216 habuisse
1238 2183 1403 2224 videtur,
1443 2185 1562 2218 multa
1590 2187 1689 2220 enim
1714 2199 1819 2233 prae-

265 2251 383 2292 teriit,
411 2258 544 2285 notatu
569 2249 677 2284 valde
703 2249 833 2297 digna3
861 2262 953 2297 quae
979 2249 1018 2283 in
1044 2249 1247 2284 visceribus
1275 2249 1504 2286 observanda
1532 2261 1636 2295 sunt,
1664 2266 1741 2288 non
1763 2258 1819 2290 re-

267 2316 356 2360 fert,
396 2326 439 2353 ut
471 2317 635 2356 sceleton
664 2325 811 2355 tantum
843 2317 891 2354 ad.
920 2329 1051 2354 manus
1083 2316 1196 2355 fuisse
1230 2316 1364 2355 credas,
1424 2321 1604 2355 Auctores
1637 2321 1818 2361 versionis
