2048 2713
273 160 298 198 8

274 245 457 282 surculam
473 245 635 292 positae3
648 242 763 298 [M'ED
774 254 850 279 IAE
871 242 887 289 (
895 241 964 278 ὄλ).
981 252 1008 278 c.
1020 253 1046 277 c.
1064 242 1158 289 dd)
1174 244 1315 291 triplici
1332 246 1512 294 utrinque
1527 254 1632 294 parte
1647 257 1834 293 constant,

273 314 456 357 nimirum
473 314 586 346 altera
606 311 657 355 (b.
675 311 727 356 b.)
750 312 845 361 inter
865 310 1022 345 furculas
1049 321 1085 345 et
1111 313 1325 355 claviculas,
1353 315 1475 348 media
1500 316 1549 359 (e.
1565 320 1614 360 c.)
1641 317 1740 351 inter
1764 319 1835 352 cla-

272 381 414 415 viculas
439 389 475 414 et
505 382 564 414 Po
576 391 703 413 s'r1CA
736 391 971 413 LATERALI
1007 379 1058 423 (d.
1076 381 1132 418 d.)
1172 381 1268 414 inter
1297 381 1494 415 claviculas
1526 391 1562 416 et
1589 384 1838 428 appendicem

273 448 389 482 sterni
405 447 493 491 sita3
520 447 652 479 ultima
670 446 818 479 tandem
833 454 933 491 pars,
961 446 1038 480 sive
1061 458 1294 481 APPENDIX
1314 448 1362 490 (e.
1379 448 1430 491 e.)
1457 449 1541 482 satis
1564 461 1697 496 magna
1719 459 1755 483 et
1777 461 1837 484 ro-

273 514 437 548 tundata.
491 513 671 546 Laiuinae
698 513 788 546 istae
817 513 940 546 charta
969 514 1165 558 scriptoria
1195 515 1400 554 tenuiores,
1433 515 1504 548 nisi
1532 524 1672 549 attente
1697 526 1838 562 specta-

274 589 351 621 tae,
393 592 530 613 novem
550 580 723 625 partibus
750 589 919 614 constare
947 580 1139 620 videntur,
1180 580 1244 614 sed
1283 582 1454 614 examine
1494 583 1699 616 accuratius
1731 583 1836 616 insti-

272 656 376 687 tuto,
404 656 525 692 partes
548 646 692 680 mediae
710 648 864 693 quidem
886 644 1058 687 diffusae,
1086 647 1149 680 sed
1170 659 1245 680 non
1271 648 1410 681 divisae
1426 657 1621 693 apparent,
1647 661 1693 681 ne
1716 649 1754 682 in
1781 648 1837 691 ju·

273 715 380 750 niore
409 713 562 760 quidem
585 714 799 759 specimine.
854 714 1127 748 Sternum-hoc
1154 714 1413 761 magnitudine
1429 715 1667 759 potissimum
1686 716 1837 760 ingente

274 790 311 816 et
325 781 491 827 partibus
509 781 663 826 posticis
688 781 902 815 lateralibus
928 780 980 823 (cl.
996 779 1051 823 cl.)
1075 792 1094 814 a
1120 781 1274 827 reliquis
1297 781 1391 813 ranis
1412 781 1571 821 recedit,
1600 781 1733 827 quibus
1758 790 1837 815 tan-

273 857 355 883 tum
382 848 569 893 appendix
593 856 664 888 est,
693 848 785 882 haec
812 860 901 881 vero
929 848 1033 893 apice
1062 847 1302 892 (praesertim
1322 847 1363 880 in
1387 848 1632 892 temporaria)
1661 849 1837 894 utrinque

275 927 453 962 processu
482 914 673 949 alaeformi
702 925 866 962 augetur.
921 917 1045 948 Partes
1073 915 1217 947 amicae
1244 916 1297 957 (a.
1314 912 1368 956 α.)
1396 914 1435 947 in
1464 915 1595 947 ceteris
1617 915 1712 947 ranis
1728 926 1837 961 saepe

275 993 345 1027 pro
362 981 540 1026 portione
559 982 747 1028 longiores
764 991 850 1016 sunt
866 991 903 1015 et
921 980 1150 1027 cartilagines
1168 982 1206 1013 in
1226 981 1329 1025 apice
1345 989 1479 1026 gerunt
1499 982 1728 1014 accessor-ias.

374 1050 607 1088 Funcum,
634 1049 711 1082 sive
728 1048 905 1084 clavicula
923 1048 1087 1082 anterior
1102 1046 1212 1090 (Tab.
1231 1050 1274 1081 11.
1290 1048 1364 1093 Fig.
1386 1045 1524 1092 1.f.s.)
1554 1049 1665 1092 Pipae
1688 1046 1724 1081 et
1749 1048 1836 1081 reli-

275 1127 433 1163 quarum
450 1127 626 1149 ranarum
650 1116 713 1149 vix
737 1116 806 1149 nisi
832 1115 1039 1149 directione
1063 1111 1208 1158 differt3
1237 1114 1275 1148 in
1299 1114 1406 1158 Pipa,
1436 1113 1596 1152 Bufone,
1625 1114 1775 1147 arborea
1800 1121 1838 1148 et

272 1182 460 1229 paradoxa
487 1191 696 1216 anti-orsum
726 1182 860 1225 fe1·tur;
887 1182 951 1215 sed
979 1193 1065 1214 arcu
1093 1181 1280 1213 anteriore
1307 1181 1342 1213 in
1372 1181 1462 1224 Pipa
1490 1192 1678 1220 cotiveXO‚
1710 1180 1749 1213 in
1778 1179 1836 1214 his

274 1261 461 1292 concav03
489 1249 526 1281 in
545 1249 729 1282 esculenta
750 1257 875 1282 autem
890 1256 926 1281 et
939 1247 1165 1292 temporaria
1188 1246 1331 1281 furcula
1346 1255 1444 1280 recta
1462 1247 1608 1292 (neque
1625 1254 1835 1281 antrorsum

274 1315 407 1358 ducta)
432 1314 614 1360 procedit.

377 1385 639 1417 CLAVICULA
665 1394 771 1422 vera,
805 1393 870 1415 seu
895 1382 1099 1428 posterior,
1133 1381 1163 1414 si
1193 1381 1374 1414 furculam
1400 1392 1469 1425 pro
1497 1381 1683 1414 anteriore
1708 1379 1836 1420 habes,

275 1461 367 1484 mox
381 1435 478 1495 pone
497 1449 641 1495 apicem
660 1449 857 1495 insigniter
873 1458 1028 1495 augetur
1051 1448 1163 1492 (Tah.
1180 1451 1223 1481 ΙΙ.
1242 1448 1316 1494 Fig.
1339 1460 1366 1480 1.
1381 1458 1415 1489 g.
1429 1446 1487 1490 g.)
1504 1448 1698 1493 multoque
1718 1445 1837 1492 magis

278 1528 390 1563 quam
413 1517 453 1550 in
479 1516 646 1556 Bufone,
676 1516 830 1549 arborea
858 1524 895 1548 et
923 1515 1131 1560 paradoxa3
1159 1515 1195 1547 in
1225 1515 1449 1559 temporaria
1478 1523 1514 1547 et
1541 1504 1726 1547 esculenta
1753 1524 1837 1558 pars

278 1572 480 1618 claviculae
506 1581 674 1616 sternalis
704 1582 855 1627 quidem
882 1593 951 1626 pro
980 1582 1150 1626 portione
1185 1593 1300 1626 aeque
1334 1592 1486 1626 magna,
1521 1580 1585 1614 sed
1613 1580 1686 1612 alio
1722 1578 1838 1612 modo

277 1649 418 1697 posita3
447 1649 516 1682 ista
531 1649 632 1681 enim
648 1659 731 1692 pars
756 1648 933 1680 latissima
956 1646 1033 1680 basi
1058 1659 1141 1680 cum
1169 1647 1339 1691 opposita
1363 1646 1607 1692 conjungitur
1628 1654 1664 1679 et
1684 1645 1839 1679 insimul

277 1715 462 1761 surculam
486 1715 623 1761 tangit,
653 1725 738 1747 cum
762 1714 801 1746 in
826 1713 899 1746 illis
931 1714 1130 1746 claviculae
1155 1712 1251 1745 basis
1274 1723 1292 1744 a
1320 1711 1461 1750 furcula
1486 1713 1592 1745 valde
1617 1721 1759 1745 remota
1778 1712 1837 1753 sit,

277 1790 315 1817 et
330 1790 406 1816 tam
425 1782 523 1815 inter
539 1792 576 1814 se
595 1789 630 1813 et
644 1780 768 1819 illam,
798 1791 907 1825 quam
930 1780 1028 1813 iuter
1047 1792 1084 1812 se
1105 1787 1142 1812 et
1166 1778 1385 1811 claviculam
1406 1780 1570 1824 oppositi
1592 1779 1734 1819 lateris,
1761 1789 1838 1812 ma·

278 1849 398 1895 iorem
414 1847 529 1882 sterni
544 1855 687 1891 partem
705 1846 939 1889 interjectam
958 1846 1102 1879 habeat.
1532 1840 1540 1843 i

381 1917 587 1949 ScAPULA
602 1912 756 1957 duplex,
785 1912 1102 1957 quemadmodum
1121 1911 1159 1944 in
1176 1910 1330 1957 reliquis
1348 1911 1458 1944 ranis.
1507 1913 1667 1946 Mision
1681 1910 1791 1954 (Tab.
1808 1913 1836 1945 1.

276 1992 310 2027 g.
323 1992 358 2025 g.
377 1992 396 2014 a
409 1988 515 2026 parte
531 1990 650 2024 super.
687 1978 775 2012 Tab.
795 1981 838 2011 II.
858 1980 931 2024 Fig.
957 1992 982 2011 1.
1002 1977 1030 2010 lz.
1049 1977 1078 2010 h.
1106 1990 1124 2011 a
1146 1986 1250 2023 parte
1271 1976 1363 2021 inf.)
1388 1990 1482 2023 quae
1502 1978 1735 2022 processibus
1758 1989 1837 2011 ver-

279 2047 471 2081 tebrarum
487 2045 670 2079 secundae
690 2052 725 2077 et
743 2044 874 2078 tertiae
888 2045 1102 2078 transversis
1124 2044 1328 2083 incumbit,
1357 2052 1393 2077 et
1410 2044 1449 2076 hi
1473 2057 1518 2077 ne
1539 2056 1688 2089 prorsus
1713 2044 1836 2077 occul-

280 2121 423 2153 tentur,
450 2112 489 2145 in
510 2110 631 2158 figura
654 2120 778 2144 nostra
799 2123 932 2156 parum
954 2111 1106 2144 diducta
1132 2119 1203 2151 est,
1236 2110 1389 2149 nonnisi
1413 2121 1496 2143 cum
1522 2111 1668 2156 scapula
1691 2111 1837 2144 minore

280 2179 358 2213 sive
393 2177 609 2212 secundaria
645 2177 947 2210 articulationem
979 2177 1062 2211 init.
1114 2180 1156 2212 In
1194 2180 1299 2210 Mare
1326 2185 1403 2209 tota
1433 2188 1552 2217 ossea,
1579 2185 1684 2222 parte
1709 2184 1834 2210 tamen

280 2244 441 2280 maxima
464 2243 697 2282 tenuissima,
727 2256 841 2290 aeque
864 2244 965 2277 tenui
989 2255 1029 2277 ac
1051 2244 1187 2278 lamina
1208 2243 1320 2277 sterni
1340 2242 1384 2276 de
1403 2255 1473 2288 qua
1491 2251 1596 2276 antea
1612 2254 1733 2275 sermo
1751 2241 1835 2284 fuit,

281 2319 318 2345 et
345 2310 481 2344 eodem
506 2309 623 2344 modo
649 2311 690 2345 in
717 2310 855 2345 femina
882 2318 959 2344 tam
985 2310 1110 2346 adulta
1137 2323 1249 2357 quam
1273 2310 1420 2355 juniore
1453 2320 1555 2344 mere
1588 2308 1836 2354 cartilaginea.

1621 2362 1836 2408 Schlzeiderzae
