2048 2713
347 236 588 276 Co'mJMNA
620 234 943 274 vnnr'nnnazrs
977 237 1016 272 in
1043 232 1145 273 ‘Rana
1171 238 1260 285 Pipa
1287 234 1427 287 septem
1455 249 1602 276 tantum
1635 236 1810 278 {suarz-

248 315 349 343 'nlus
383 306 642 348 constituitur,
688 305 814 342 Ranis'
836 305 993 352 reliquis
1023 306 1226 341 earundem
1268 316 1355 341 octo
1389 309 1689 355 proferentibus,
1738 311 1809 344 nisi

250 373 448 413 Schneidero
476 373 570 412 duce
604 373 655 419 (l.
682 385 712 407 c.
749 385 783 419 p.
812 372 915 418 257.)
952 373 1163 407 vertebram
1198 375 1359 420 primam
1393 384 1429 409 et
1455 376 1656 410 secundam
1682 363 1729 410 ini
1748 377 1811 411 illa

251 441 402 476 coalitas
430 441 608 487 suspicari
634 440 772 481 mavis,
812 439 875 474 cui
902 448 1027 475 tamen
1055 441 1263 483 sentent-iae
1287 442 1393 488 spina
1418 442 1523 477 dorsi
1547 444 1661 490 Pipae
1689 442 1815 488 junim

249 521 308 544 res
332 508 466 543 eodem
487 518 530 541 ac
553 507 593 541 in
618 507 752 541 adultis
776 507 893 542 modo
916 516 1127 553 comparata
1149 509 1273 542 minus
1298 509 1429 543 favet.-

350 577 549 611 Processus
572 574 772 609 transversi
797 573 1055 608 vertebrarum
1078 584 1239 623 quatuor
1260 576 1430 620 priorum
1457 577 1663 623 posteriora
1685 588 1813 611 versus

252 643 481 690 diriguntur,
509 642 659 688 quintae
675 641 752 676 fere
768 650 889 675 rectus
905 654 968 675 seu
986 653 1118 688 parum
1133 651 1338 677 retrorsum
1356 642 1489 684 flexus,
1510 653 1634 678 sextae
1651 653 1687 678 et
1703 643 1813 690 septi-

250 721 334 744 mae
355 717 567 743 antrorsum
590 708 672 743 acti,
725 711 768 743 In
793 711 896 743 Rana
920 709 1109 743 Paradoxa
1134 722 1264 744 ornnes
1286 722 1480 757 processus
1509 712 1711 745 transversi
1738 700 1814 745 fere

249 776 345 811 recti
369 775 519 810 dicendi
542 784 648 816 sunt,
674 775 713 809 in
738 776 923 810 esculenta
948 784 985 810 et
1005 777 1231 822 temporaria
1252 768 1447 812 vertebrae
1468 777 1653 812 secundae
1667 790 1815 824 proces-

250 854 311 877 sus
339 841 483 888 (prima
499 842 598 876 onim
616 850 653 876 et
673 842 713 875 in
735 842 843 876 dictis
860 851 896 876 et
919 843 957 876 in
973 842 1256 889 insequentibus
1279 857 1457 891 processu
1479 853 1688 879 transverso
1705 844 1815 879 desti·

252 908 394 953 tuitur)
420 917 634 943 antrorsum
656 908 791 943 ductus
805 935 813 950 ,
838 909 976 955 reliqui
998 919 1062 942 aut
1082 911 1197 952 recti,
1232 920 1297 945 aut
1318 911 1510 945 tantillum
1532 919 1739 946 retrorsum
1764 910 1816 946 fe-

250 983 406 1019 runtur3
440 975 479 1009 in
504 975 657 1009 arborea
680 984 717 1009 et
742 975 889 1010 Bufone
913 975 1115 1017 secundae,
1142 978 1372 1022 penultimae
1395 986 1431 1011 et
1453 978 1607 1012 ultimae
1623 989 1816 1024 processus

252 1041 439 1076 anteriora
457 1050 636 1087 spectant.
689 1042 802 1088 Pipae
823 1054 1016 1087 processus
1042 1044 1240 1078 transversi
1262 1044 1443 1078 secundus
1467 1053 1503 1078 et
1524 1044 1656 1078 tertius
1680 1044 1817 1092 longis-

252 1107 357 1149 simi,
385 1108 632 1149 teretiusculi‚
660 1109 737 1142 sive
754 1109 934 1154 depressi,
961 1105 1068 1155 apice
1089 1110 1298 1152 (costarum
1320 1119 1531 1145 nostrarum
1546 1108 1684 1155 modo)
1700 1111 1817 1144 'exca-

252 1183 340 1210 vato
365 1174 623 1221 cartilaginem
656 1175 858 1221 oblongam
892 1184 1046 1211 tenuem
1079 1177 1308 1223 recipiente,
1343 1177 1490 1223 qualem
1518 1177 1608 1210 Tab.
1633 1180 1660 1211 Ι.
1689 1189 1718 1222 q.
1753 1177 1818 1211 sed
1856 1183 1858 1185 ’

254 1242 455 1276 siccatione
485 1250 715 1275 contractam
746 1250 782 1275 et
808 1242 1020 1277 breviorem
1059 1243 1222 1277 exhibet.
1285 1247 1327 1278 In
1354 1244 1507 1290 reliquis
1541 1244 1691 1289 quidem
1721 1243 1818 1278 ranis

254 1320 446 1355 processus
466 1307 648 1353 secundus
671 1317 709 1342 et
734 1308 884 1349 tertius,
912 1309 1043 1343 ceteris
1062 1305 1125 1342 sed
1142 1310 1240 1343 haud
1257 1318 1450 1355 tantopere
1464 1311 1670 1357 longioreS,
1701 1307 1817 1355 quid?

256 1374 359 1422 quod
383 1375 422 1409 in
444 1375 651 1417 esculenta,
688 1375 931 1421 temporaria,
967 1376 1152 1421 paradoxa
1179 1383 1215 1409 et
1238 1376 1385 1410 Bufone
1408 1376 1608 1416 secundus,
1642 1384 1678 1409 et
1701 1376 1740 1408 in
1764 1387 1819 1409 ar-

255 1441 371 1476 borea
399 1442 512 1476 simul
540 1443 671 1477 tertius
701 1443 807 1488 apice
840 1442 990 1476 latiores
1022 1443 1081 1476 vel
1109 1442 1331 1476 subcuneati
1360 1451 1457 1477 sunt.
1526 1441 1715 1475 Sclmeideri
1748 1441 1819 1476 viri

256 1509 309 1543 ill.
337 1509 461 1543 tabula
488 1509 626 1554 prima,
662 1522 855 1556 processus
883 1510 1036 1556 quidem
1065 1519 1290 1544 transversos
1316 1510 1513 1557 longiores*
1536 1509 1707 1551 exhibet,
1743 1518 1820 1543 cara

258 1576 431 1622 tilagines
460 1584 586 1610 autem
611 1576 746 1611 iisdem
774 1588 932 1611 annexas
960 1590 1036 1611 non
1063 1576 1187 1611 refert.

360 1644 417 1676 Os
444 1653 625 1677 saeuum
654 1642 766 1687 (Tab.
784 1647 811 1678 I.
829 1642 880 1689 r.)
909 1656 928 1677 a
950 1643 1085 1677 szvicro
1115 1645 1283 1687 (Leco-ns
1306 1644 1348 1675 T.
1368 1644 1394 1675 Ι,
1422 1653 1457 1687 p.
1480 1650 1560 1684 174,
1586 1653 1678 1676 vers.
1698 1643 1820 1677 Germ.

259 1712 301 1744 T.
318 1712 345 1743 Ι.
373 1720 408 1755 p.
432 1710 535 1754 153.)
563 1721 758 1756 perperam
785 1722 855 1756 pro
881 1711 1052 1745 vertebra
1078 1710 1211 1744 ultima
1239 1709 1430 1749 habitum,
1458 1721 1476 1742 a
1503 1707 1697 1741 Sclmeiclero
1725 1706 1771 1752 (l.
1791 1718 1821 1741 c.

260 1788 295 1822 p.
331 1775 436 1821 258.)
470 1784 572 1811 recte
604 1777 867 1819 nominatum,
910 1778 1118 1812 maximum
1158 1778 1336 1823 utrinque
1373 1788 1590 1821 processum
1625 1774 1822 1828 dilatatum

263 1843 457 1884 emittens,
497 1855 654 1889 corpore
687 1856 796 1891 supra
834 1845 1020 1885 carinam,
1063 1844 1193 1877 subtus
1228 1843 1337 1878 tereti
1372 1832 1618 1888 conspicuum
1650 1853 1721 1886 pro
1749 1841 1822 1874 alio

264 1909 417 1957 quidem
444 1911 647 1956 ossewsumi
675 1923 752 1946 non
779 1912 908 1952 debet,
952 1911 1088 1957 quippe
1118 1909 1217 1956 quod
1245 1909 1333 1943 bina
1359 1909 1536 1954 utrinque
1565 1906 1710 1954 (neque
1736 1907 1825 1941 soli-⁷

264 1975 424 2021 tarium)
459 1975 642 2011 foramina
677 1977 799 2011 nervis
835 1978 1021 2012 mezlullae
1048 1976 1199 2023 spinalis
1234 1975 1411 2021 praebeat
1444 1984 1481 2008 et
1512 1974 1624 2009 ilium
1652 1974 1740 2008 ossis
1768 1974 1822 2007 in-

266 2043 427 2078 cumbat.
486 2046 527 2077 In
553 2043 700 2078 Bufone
727 2053 765 2078 et
786 2048 892 2079 Rana
920 2045 1072 2079 arborea
1099 2043 1200 2077 idem
1228 2043 1403 2089 utrinque
1430 2042 1537 2076 valde
1571 2040 1670 2086 (non
1698 2049 1822 2075 autem

266 2119 461 2156 tantopere
487 2121 529 2144 ac
555 2110 595 2144 in
621 2110 733 2157 Pipa)
767 2111 965 2146 dilatatum
1000 2119 1054 2145 est
1081 2122 1315 2156 cuneumque
1348 2110 1387 2142 in
1424 2117 1587 2155 utroque
1619 2109 1734 2143 latere
1762 2119 1822 2141 ex-

267 2176 392 2219 hibet&
435 2177 542 2211 crista
583 2178 782 2224 epiphysin
825 2179 978 2213 sistente
1019 2187 1190 2224 auctum3
1238 2178 1277 2212 in
1317 2176 1525 2223 paradoxa,
1566 2177 1755 2210 esculenta·
1788 2182 1824 2206 etz

272 2245 494 2289 temporaria
520 2244 622 2279 idem
649 2246 827 2281 vertebris
854 2247 975 2281 multo
1002 2247 1130 2288 latius,
1170 2245 1233 2280 sed
1266 2253 1388 2291 partes
1414 2243 1580 2279 laterales
1607 2242 1822 2277 teretiuscu·

268 2310 326 2345 lae
353 2322 514 2344 cuneum
541 2324 618 2345 non
644 2313 822 2348 l'efCrUnt·
